<?xml version="1.0" encoding="UTF-8"?><collection xmlns="http://www.loc.gov/MARC21/slim"><record><leader>00515nam--2200193-i-4500</leader><controlfield tag="001">000021537</controlfield><controlfield tag="002">20161230</controlfield><controlfield tag="005">20161230201034</controlfield><controlfield tag="008">060222s1000------------r-----000-0-rum-d</controlfield><datafield ind1=" " ind2=" " tag="040"><subfield code="a">IFIN-HH</subfield></datafield><datafield ind1=" " ind2=" " tag="041"><subfield code="a">rum</subfield></datafield><datafield ind1="1" ind2=" " tag="100"><subfield code="a">Stan, Aurelian</subfield></datafield><datafield ind1="1" ind2="0" tag="245"><subfield code="a">Culegere de probleme de mecanica tehnica</subfield><subfield code="c">Aurelian Stan ; Mircea Grumazescu</subfield></datafield><datafield ind1=" " ind2=" " tag="250"><subfield code="a">Editia a II-a</subfield></datafield><datafield ind1=" " ind2=" " tag="260"><subfield code="a">Bucuresti, Editura Tehnica, 1956</subfield></datafield><datafield ind1=" " ind2=" " tag="300"><subfield code="a">608 p</subfield></datafield><datafield ind1=" " ind2=" " tag="700"><subfield code="a">Grumazescu Mircea</subfield></datafield><datafield ind1=" " ind2=" " tag="852"><subfield code="a">4181</subfield><subfield code="c">531</subfield></datafield><datafield ind1=" " ind2=" " tag="CAT"><subfield code="a">Sys</subfield><subfield code="c">20100527</subfield><subfield code="h">151356</subfield></datafield></record></collection>